@book{Fraleigh,

author={Fraleigh,John B. and Katz,Victor J.},

year={2003},

title={A first course in abstract algebra},

publisher={Addison-Wesley},

address={Boston},

edition={7th},

abstract={This is an in-depth introduction to abstract algebra. Focused on groups, rings and fields, it should give students a firm foundation for more specialized work by emphasizing an understanding of the nature of algebraic structures. Features include: a classical approach to abstract algebra focussing on applications; an accessible pedagogy including historical notes written by Victor Katz; and a study of group theory.},

keywords={Algebra; Algebra, Abstract; Álgebra abstrata; Corpos (álgebra); Teoria dos grupos},

language={English},

}

@book{
Cohn1,

author={Cohn,P. M.},

year={1982},

title={Algebra},

publisher={J. Wiley},

address={New York;Chichester [Sussex];},

edition={2d},

keywords={Algebra},

isbn={9780471101680},

language={English},

}

@book{
dummit, 
author={Dummit,David S. and Foote,Richard M.},

year={1999},

title={Abstract algebra},

publisher={John Wiley & Sons},

address={New York},

edition={2nd},

keywords={Algebra, Abstract},

isbn={9780471368571},

language={English},

}

@book{
Kurzweil,
author={Kurzweil,Hans and Stellmacher,B.},

year={2004},

title={The theory of finite groups: an introduction},

publisher={Springer},

address={New York},

keywords={Finite groups},

isbn={9780387405100},

language={English},

}

@book{Gallian,
    title = {Contemporary Abstract Algebra},
    author = {Joseph A. Gallian},
    isbn = {978-1-305-65796-0},
},

@misc{lecnotes,
  author        = {John A. Beachy},
  title         = {Abstract Algebra: Supplementary Lecture Notes},year          = {2006},
  publisher= {Waveland Press, Inc},
  isbn = {1–57766–434–4},
}

@book{rotman,
  title={An Introduction to the Theory of Groups},
  author={Rotman, J.},
  isbn={9780387942858},
  lccn={94006507},
  series={Graduate Texts in Mathematics},
  url={https://books.google.com/books?id=lYrsiaHSHKcC},
  year={1999},
  publisher={Springer New York}
}

@misc{khukhro2023unsolved,
      title={Unsolved Problems in Group Theory. The Kourovka Notebook}, 
      author={E. I. Khukhro and V. D. Mazurov},
      year={2023},
      eprint={1401.0300},
      archivePrefix={arXiv},
      primaryClass={math.GR}
}

@book{isaacs2009algebra,
  title={Algebra: A Graduate Course},
  author={Isaacs, I.M.},
  isbn={9780821847992},
  lccn={2008047416},
  series={Graduate studies in mathematics},
  url={https://books.google.com.eg/books?id=5tKq0kbHuc4C},
  year={2009},
  publisher={American Mathematical Society}
}

@book{Serre1977,
  title = {Linear Representations of Finite Groups},
  ISBN = {9781468494587},
  ISSN = {2197-5612},
  url = {http://dx.doi.org/10.1007/978-1-4684-9458-7},
  DOI = {10.1007/978-1-4684-9458-7},
  journal = {Graduate Texts in Mathematics},
  publisher = {Springer New York},
  author = {Serre,  Jean-Pierre},
  year = {1977}
}

@misc{khukhro2024unsolvedproblemsgrouptheory,
      title={Unsolved Problems in Group Theory. The Kourovka Notebook}, 
      author={E. I. Khukhro and V. D. Mazurov},
      year={2024},
      eprint={1401.0300},
      archivePrefix={arXiv},
      primaryClass={math.GR},
      url={https://arxiv.org/abs/1401.0300}, 
}

@article{Ore1951,
  title = {Some remarks on commutators},
  volume = {2},
  ISSN = {1088-6826},
  url = {http://dx.doi.org/10.1090/S0002-9939-1951-0040298-4},
  DOI = {10.1090/s0002-9939-1951-0040298-4},
  number = {2},
  journal = {Proceedings of the American Mathematical Society},
  publisher = {American Mathematical Society (AMS)},
  author = {Ore,  Oystein},
  year = {1951},
  month = apr,
  pages = {307–314}
}

@article{Liebeck2010,
  title = {The Ore conjecture},
  volume = {12},
  ISSN = {1435-9863},
  url = {http://dx.doi.org/10.4171/jems/220},
  DOI = {10.4171/jems/220},
  number = {4},
  journal = {Journal of the European Mathematical Society},
  publisher = {European Mathematical Society - EMS - Publishing House GmbH},
  author = {Liebeck,  Martin W. and O’Brien,  Eamonn A. and Shalev,  Aner and Tiep,  Pham Huu},
  year = {2010},
  month = jun,
  pages = {939–1008}
}

@article{Macdonald1986,
  title = {Commutators and Their Products},
  volume = {93},
  ISSN = {1930-0972},
  url = {http://dx.doi.org/10.1080/00029890.1986.11971848},
  DOI = {10.1080/00029890.1986.11971848},
  number = {6},
  journal = {The American Mathematical Monthly},
  publisher = {Informa UK Limited},
  author = {Macdonald,  I. D.},
  year = {1986},
  month = jun,
  pages = {440–444}
}

@article{Fite1902,
  title = {On metabelian groups},
  volume = {3},
  ISSN = {1088-6850},
  url = {http://dx.doi.org/10.1090/S0002-9947-1902-1500604-1},
  DOI = {10.1090/s0002-9947-1902-1500604-1},
  number = {3},
  journal = {Transactions of the American Mathematical Society},
  publisher = {American Mathematical Society (AMS)},
  author = {Fite,  William Benjamin},
  year = {1902},
  pages = {331–353}
}
@article{Kappe2005,
  title = {On commutators in p-groups},
  volume = {8},
  ISSN = {1435-4446},
  url = {http://dx.doi.org/10.1515/jgth.2005.8.4.415},
  DOI = {10.1515/jgth.2005.8.4.415},
  number = {4},
  journal = {Journal of Group Theory},
  publisher = {Walter de Gruyter GmbH},
  author = {Kappe,  Luise-Charlotte and Morse,  Robert Fitzgerald},
  year = {2005},
  month = jan 
}
@article{Isaacs1977,
  title = {Commutators and the Commutator Subgroup},
  volume = {84},
  ISSN = {1930-0972},
  url = {http://dx.doi.org/10.1080/00029890.1977.11994465},
  DOI = {10.1080/00029890.1977.11994465},
  number = {9},
  journal = {The American Mathematical Monthly},
  publisher = {Informa UK Limited},
  author = {Isaacs,  I. M.},
  year = {1977},
  month = nov,
  pages = {720–722}
}


@book {holtplesken,
    AUTHOR = {Holt, Derek F. and Plesken, W.},
     TITLE = {Perfect groups},
    SERIES = {Oxford Mathematical Monographs},
      NOTE = {With an appendix by W. Hanrath,
              Oxford Science Publications},
 PUBLISHER = {The Clarendon Press, Oxford University Press, New York},
      YEAR = {1989},
     PAGES = {xii+364},
      ISBN = {0-19-853559-7},
   MRCLASS = {20D05 (20F05)},
  MRNUMBER = {1025760},
MRREVIEWER = {M.\ Ram\ Murty},
}
@book {burnsidecomm,
    AUTHOR = {Burnside, W.},
     TITLE = {Theory of groups of finite order},
      NOTE = {2d ed},
 PUBLISHER = {Dover Publications, Inc., New York},
      YEAR = {1955},
     PAGES = {xxiv+512},
   MRCLASS = {20.0X},
  MRNUMBER = {69818},
}